http://www.blau.itp.unibe.ch/newlecturesGR.pdf
http://www.staff.science.uu.nl/~hooft101/lectures/genrel_2013.pdf
http://www.damtp.cam.ac.uk/user/hsr1000/lecturenotes_2012.pdf
http://staff.ustc.edu.cn/~wzhao7/c_index_files/main.files/carroll.pdf
http://home.uni-leipzig.de/~tet/wp-content/uploads/2014/04/GR2015_0903.pdf
https://www.researchgate.net/profile/Andrzej_Trautman/publication/225971488_Lectures_on_General_Relativity/links/5421598d0cf2ce3a91b70da7.pdf
https://web.math.princeton.edu/~aretakis/columbiaGR.pdf
http://eagle.phys.utk.edu/guidry/astro421/lectures/lecture490_ch8.pdf

http://unimap.unipi.it/registri/dettregistriNEW.php?re=2090107::::&ri=022175

https://cloud.acrobat.com/folder/c7eabbff-5c65-4cc7-bb23-aa59f73767bf

Will - Was Einstein right? Putting GR to test